<record><leader>00000cas a2200000 a 4500</leader><controlfield tag="001">13347780</controlfield><controlfield tag="008">860326d1886188uinuwr ne     l0    0eng c</controlfield><datafield ind1=" " ind2=" " tag="010"><subfield code="a">sn 86058402 </subfield></datafield><datafield ind1=" " ind2=" " tag="040"><subfield code="a">NPI</subfield><subfield code="b">eng</subfield><subfield code="c">NPI</subfield><subfield code="d">IUL</subfield><subfield code="d">OCLCQ</subfield><subfield code="d">OCLCF</subfield><subfield code="d">IUL</subfield></datafield><datafield ind1=" " ind2=" " tag="042"><subfield code="a">pcc</subfield></datafield><datafield ind1=" " ind2=" " tag="043"><subfield code="a">n-us-in</subfield></datafield><datafield ind1=" " ind2="4" tag="050"><subfield code="a">Newspapers</subfield></datafield><datafield ind1="0" ind2="4" tag="245"><subfield code="a">The true blue Republican.</subfield></datafield><datafield ind1=" " ind2=" " tag="260"><subfield code="a">Salem, Ind. :</subfield><subfield code="b">L.O. Saltmarsh,</subfield><subfield code="c">1886-</subfield></datafield><datafield ind1=" " ind2=" " tag="300"><subfield code="a">v. :</subfield><subfield code="b">ill. (chiefly advertisements) ;</subfield><subfield code="c">64 cm.</subfield></datafield><datafield ind1=" " ind2=" " tag="310"><subfield code="a">Weekly</subfield></datafield><datafield ind1="0" ind2=" " tag="362"><subfield code="a">Vol. IX, no. 1 (July 1, 1886)- = Whole no. 418-</subfield></datafield><datafield ind1="1" ind2=" " tag="362"><subfield code="a">Ceased after Mar. 1887.</subfield></datafield><datafield ind1=" " ind2=" " tag="580"><subfield code="a">Merged with:Salem leader (Salem, Ind. : 1885); to form: Republican leader (Salem, Ind.).</subfield></datafield><datafield ind1=" " ind2=" " tag="500"><subfield code="a">Title from masthead.</subfield></datafield><datafield ind1=" " ind2=" " tag="588"><subfield code="a">Latest issue consulted: Vol. IX, no. (March 10, 1887) = whole no. 454; U.S. Newspaper Archive (viewed July 20, 2017).</subfield></datafield><datafield ind1=" " ind2="0" tag="651"><subfield code="a">Salem (Ind.)</subfield><subfield code="v">Newspapers.</subfield></datafield><datafield ind1=" " ind2="0" tag="651"><subfield code="a">Washington County (Ind.)</subfield><subfield code="v">Newspapers.</subfield></datafield><datafield ind1=" " ind2="7" tag="651"><subfield code="a">Indiana</subfield><subfield code="z">Salem.</subfield><subfield code="2">fast</subfield><subfield code="0">(OCoLC)fst01257044</subfield></datafield><datafield ind1=" " ind2="7" tag="651"><subfield code="a">Indiana</subfield><subfield code="z">Washington County.</subfield><subfield code="2">fast</subfield><subfield code="0">(OCoLC)fst01217010</subfield></datafield><datafield ind1=" " ind2="7" tag="655"><subfield code="a">Newspapers.</subfield><subfield code="2">fast</subfield><subfield code="0">(OCoLC)fst01423814</subfield></datafield><datafield ind1=" " ind2=" " tag="752"><subfield code="a">United States</subfield><subfield code="b">Indiana</subfield><subfield code="c">Washington</subfield><subfield code="d">Salem.</subfield></datafield><datafield ind1="0" ind2="0" tag="780"><subfield code="t">Salem press (Salem, Ind.)</subfield><subfield code="w">(DLC)sn 86058403</subfield><subfield code="w">(OCoLC)13347755</subfield></datafield><datafield ind1="1" ind2="7" tag="785"><subfield code="t">Salem leader (Salem, Ind. : 1885)</subfield><subfield code="w">(DLC)  2017238377</subfield><subfield code="w">(OCoLC)994209254</subfield></datafield><datafield ind1="1" ind2="7" tag="785"><subfield code="t">Republican leader (Salem, Ind.)</subfield><subfield code="w">(DLC)sn 85047589</subfield><subfield code="w">(OCoLC)12144632</subfield></datafield><datafield ind1="4" ind2="1" tag="856"><subfield code="u">https://access.newspaperarchive.com/us/indiana/salem/salem-true-blue-republican/</subfield></datafield></record>